
@techreport{divringi_advanced_2009,
	title = {Advanced {Shape} {Memory} {Alloy} {Material} {Models} for {ANSYS}},
	language = {en},
	institution = {Ozen Engineering Inc},
	author = {Divringi, Kaan and Ozcan, Can},
	year = {2009},
	pages = {12},
	file = {Divringi and Ozcan - Advanced Shape Memory Alloy Material Models for AN.pdf:C\:\\Users\\sethomas\\Zotero\\storage\\3CTYYNIZ\\Divringi and Ozcan - Advanced Shape Memory Alloy Material Models for AN.pdf:application/pdf}
}